@book{Bauschke2010,
author = {Bauschke, Heinz H. and Combettes, Patrick L.},
file = {:Users/akshayshanker/Library/Application Support/Mendeley Desktop/Downloaded/Dilcher, Taylor - Unknown - Canadian Mathematical Society Soci{\'{e}}t{\'{e}} math{\'{e}}matique du Canada(2).pdf:pdf},
isbn = {9781441994660},
mendeley-groups = {nonconvexdp},
publisher = {Canadian Mathematical Society, Springer},
title = {{Convex Analysis and Monotone Operator Theory in Hilbert Spaces}},
year = {2010}
}